<?xml version="1.0" encoding="UTF-8"?><collection xmlns="http://www.loc.gov/MARC21/slim"><record><leader>00518nam--2200181-i-4500</leader><controlfield tag="001">000002170</controlfield><controlfield tag="002">20161230</controlfield><controlfield tag="005">20170103234603</controlfield><controlfield tag="008">060222s1000------------r-----000-0-eng-d</controlfield><datafield ind1=" " ind2=" " tag="080"><subfield code="a">621.372</subfield></datafield><datafield ind1=" " ind2=" " tag="100"><subfield code="a">Dobesch, Heinz</subfield></datafield><datafield ind1=" " ind2=" " tag="245"><subfield code="a">Einfluss des abschlusswiderstandes auf die breitbandeigenschaften von filtern</subfield></datafield><datafield ind1=" " ind2=" " tag="260"><subfield code="a">Berlin</subfield><subfield code="b">Verlag Technik</subfield><subfield code="c">1952</subfield></datafield><datafield ind1=" " ind2=" " tag="300"><subfield code="a">46 p. Cu Fig</subfield></datafield><datafield ind1=" " ind2=" " tag="490"><subfield code="a">Schriftenreihe Des Verlages Technik</subfield></datafield><datafield ind1=" " ind2=" " tag="700"><subfield code="a">Schlegel, Irmgard</subfield></datafield><datafield ind1=" " ind2=" " tag="852"><subfield code="a">11229</subfield></datafield><datafield ind1=" " ind2=" " tag="CAT"><subfield code="a">SYS</subfield><subfield code="c">20170103</subfield><subfield code="h">234603</subfield></datafield></record></collection>